<?xml version="1.0" encoding="UTF-8"?><collection xmlns="http://www.loc.gov/MARC21/slim"><record><leader>00382nam--2200121-i-4500</leader><controlfield tag="001">000035579</controlfield><controlfield tag="002">20161230</controlfield><controlfield tag="005">20161230201040</controlfield><controlfield tag="008">060222s1000------------r-----000-0-eng-d</controlfield><datafield ind1=" " ind2=" " tag="080"><subfield code="a">53(042):925(042)</subfield></datafield><datafield ind1=" " ind2=" " tag="245"><subfield code="a">Nobel lectures including presentation speeches and laureates, biographies.chemistry: 1942-1962</subfield></datafield><datafield ind1=" " ind2=" " tag="260"><subfield code="a">Amsterdam, Elsevier Publ.Co., 1964-1966. Xiii+710p</subfield></datafield><datafield ind1=" " ind2=" " tag="852"><subfield code="a">19914</subfield></datafield></record></collection>